2605 3628
2407 179 2480 213 2
331 314 2090 360 Der Kulissenhub beträgt 6 mm.
398 434 1509 474 (Rollenbreite 5 mm).
388 554 2488 609 Bei der Konstruktion ist zu beachten,
313 662 2185 720 dass sich die Kulisen A5, Aka, Akm, Akb
322 778 2507 856 in den Grenzstellungen überlappen müssen
336 902 2485 983 um Anecken zu vermeiden. Daher Kulissen
351 1020 1362 1070 breite 6-7 mm.
483 1141 2448 1179 Die Kulissen Aka, Akb, Akm müssen
342 1256 2440 1300 in den Grenzstellungen gegen Verschieben
343 1374 2238 1412 durch Blattfedern gesichert sein.
371 1483 2537 1620 Teil A läuft dauernd mit gleichmässiger
379 1601 1673 1656 Geschwindigkeit um.
519 1671 1856 1721 Massenausgleich über A6. (Berechnen!)
237 1781 2287 1878 C Abtrieb Hauptteil C1 mit Zahlkranz
512 1902 2277 1954 Schieber C2 trägt Rollen Cr1 Cr2
509 2011 2323 2072 Am Schieber C2 ein Nocken C4. Dieser
486 2126 2349 2184 schaltet einen Stössel C3, welcher in
491 2241 2274 2291 der Ruhestellung einen aussen
464 2359 2457 2409 fest montierten Umschaltkontakt Ck
489 2477 2495 2548 betätigt. (Nicht gezeichnet) Dieser Kontakt
476 2596 2426 2653 zeigt an, ob die betreffende Kupplung
492 2715 1926 2762 eingeschaltet ist oder nicht.
781 2834 2446 2877 Teil C und Schieber C2 möglicht
572 2953 1659 3007 leicht konstruieren
622 3068 1967 3122 Massenausgleich beachten!
605 3174 2518 3265 Rastfeder zur Sicherung des Schiebers
566 3306 2398 3394 C2 beachten. (Nicht gezeichnet).
