2588 3607
2141 286 2174 318 3
460 221 2027 272 Unter den möglichen Methoden
449 398 1988 439 die Wahl des nächsten Befehlstextes
460 568 2317 608 sei erwähnt, das man z. B die in einem
439 681 2398 729 besonderen Zahlwerk, dem Befehlszahlreg-
470 805 2408 835 ister enthaltene Zahl ihrer eine beson-
449 921 2302 958 dere Organisation dazu benutzen kann.
474 1045 990 1079 Um Weitere
711 1158 2366 1195 Nach vorliegen v. d. Poel (- A simple dec.
502 1275 2331 1323 Computer) kann man den ersten Text des
534 1399 2306 1432 ersten Abrufbefehl -Em- selber modifizieren (z. B.
517 1516 2227 1556 die Adresseneinheit addieren) und zum
556 1627 2246 1660 Abrufen der folgenden in den auf zu folgenden
563 1743 2297 1785 Speicherzellen bereitstehenden Befehlstexte
548 1852 2297 1901 benutzen. In der beschriebenen Maschine
575 1970 2191 2017 geht dabei der Abruf Text über das
575 2088 2336 2135 Addierwerk in den Akkumulator und,
563 2197 2309 2249 verdrangt die dort stehende Zahl auf
560 2323 2464 2365 ein Hilfregister und kommt dann modi-
575 2434 1925 2478 fiziert ins Befehlsregister.
816 2555 2358 2587 Nach vorliegender Erfindung wird
604 2678 2377 2713 der Abruftext auf eine Abrufregister c
597 2801 1879 2848 gesetzt und erscheint no
620 2893 2331 2952 der durch ein Addierwerk modifizierte
618 3016 2382 3065 Text Abruftext (Em+1) in ein Abrufregister
650 3132 2471 3176 c gesetzt und gelangt nach Ausführung
640 3253 2300 3295 eines Arithmetischen Befehls wieder
626 3369 2179 3404 in das Befehlsreister um dort den
2452 3483 2485 3513 8
