2599 3613
2103 250 2183 280 2
197 2238 248 2268 V
167 2313 440 2354 ein Abruf
256 2406 422 2436 befehl
515 1459 2081 1508 Wir beschränken uns darauf zwei
526 1574 2356 1628 Typen Klassen von Stromtoren zu betrachten,
547 1691 2276 1734 die A - Stromtore, die arithmetische
536 1809 2319 1849 Befehle und Zahlentransporte bewirken
528 1923 2372 1961 und die E -Stromtore, die Befehls-
542 2041 1580 2081 Transporte gestalten.
544 2153 2231 2188 Ein Befehl bei dessen Entschlüsselung
550 2254 2284 2308 ein E-Tor geöffnet wird/liest einen
563 2374 2332 2431 Befehlstext aus dem Speicher ab, während
534 2497 2439 2540 ein A Befehl den Speicher mit dem Rechen-
536 2617 2247 2652 werk koppelt, diese Befehle seien durch
566 2737 2498 2778 Em- und-Am verkodet, wobei m die Zellen
560 2849 2455 2901 Nummer der gekoppelten Speicherzelle, die
568 2969 2151 3023 sogenannte Adresse repräsentiere.
568 3076 2466 3122 Nach einem E-Befehl läuft der Text, im allge-
592 3199 2217 3253 meinen ein A-Befehl in b und dan
587 3324 2020 3368 kommt dann zur Wirkung.
2471 3506 2490 3536 7
