2594 3608
636 172 2524 252 Programmsteuereung f端r P insb. f端r Rechenmaschinen
666 280 2031 322 Beschreibung eines Leitwerks nach-
682 456 2087 494 Die programmgesteuerten Maschinen
544 572 2195 604 enthalten stets ein Register, das einen Befehls
538 688 2139 724 text aufnehmen kann und f端r dessen
530 806 2159 842 Weiterga Verarbeitung sorgt, das Befehls
530 926 2069 964 register b. Der Text gelangt in einen
536 1041 2113 1079 Entschl端ssler oder Steuerregister r und
516 1159 2325 1193 setzt von dort aus die Stromtore, Relais etz,
536 1281 2305 1319 die, ihrerseits den Zahlen oder Worttrans-
546 1395 1965 1429 port gestatten oder unterbinden.
566 1507 2005 1551 Solche Transporte sind z. B. das
902 1629 2157 1669 1) das Ablesen einer Zahl aus
1033 1743 2139 1777 dem Speicher, und addieren
1029 1801 1991 1837 mit oder ohne Additon in
902 1915 2069 1947 2) Das Verar das Speichern
610 2027 2461 2069 Ist das Resultatwerk oder der Akkumulator
608 2155 2213 2191 a ein Register des Rechenwerkes, so
602 2499 2393 2541 mit den Zellen s0 .. sm ... sLq gelesenen
622 2611 2363 2653 Zahlen zum Inhalt des Akkumulators
626 2727 2115 2773 addiert oder subtrahiert werden.
648 2847 2339 2889 Mit den Bauelemen b, r, a,
668 2971 2285 3011 dem Adderwerk + und dem Kom
654 3090 2291 3132 plementwerk - erhalten wir z. B
666 3204 2317 3240 folgendes Funktionschema
667 3324 1640 3359 einer solchen Maschiene.
2452 3491 2497 3522 6
