2577 3623
2328 140 2478 170 –1–
2291 901 2420 931 1938
452 249 2185 301 the machine was presented formally to Harvard
460 352 2081 407 University by T. J. Watson, president IBM."
442 457 2197 510 Etwa gleichzeitig die Relais-Rechenautomaten
446 565 931 607 von K. Zuse u.
452 678 2103 727 der Bell Telephone Company Modelle 1 bis 7
445 781 2157 828 (Andrews 1952 (bi 984): "This succession of develop-
449 881 2204 929 ments had its origin in 1938 in the mind of
429 988 2220 1034 Dr. George R. Stibitz, then a research mathematician
421 1091 2195 1137 with the Bell Laboratories. He designed a system
431 1202 2200 1243 which he called a >> complex number computer <<.
419 1304 2162 1344 Mr. Samuel B. Williams, a telephone system design
427 1405 2210 1453 engineers, supervised the engineering and manu
419 1510 2171 1554 facturing of this early computer. It is believed
434 1613 2204 1662 that he thus became the one who first produced
450 1725 2072 1771 an automatic digital computer for purely
434 1826 1308 1868 scientific computing.
449 1935 2174 1978 Dr. Thomson N. Fry (richtig ist: Mr. G. R. Stibitz) pub-
444 2036 2182 2081 licized this creation before the Mathematic So
438 2137 2176 2184 ciety at Dartmouth in the fall of 1940 [Bulletin
436 2255 2167 2295 of the Mathem. Society, New York, Bol 46, 861 (1940)]
454 2350 2161 2399 demonstration equipment in Hanover, N. H.; the
466 2453 2196 2500 computer in New York --: this feat of remote con-
452 2571 2167 2617 trol operation was not to be duplicated until a
438 2672 2202 2717 computer conference was hold in Washington, D.C.,
450 2784 1022 2816 10 years later."
446 2879 2172 2923 Umwälzend in technischer Hinsicht die Heran-
421 2990 2136 3028 ziehung des Elektromechanischen als Bauelement
446 3077 2170 3129 durch Eckert, Mauchley u. Goldstine bei dem 1946
431 3186 2192 3247 fertiggestellten ersten elektronischen Rechenauto
427 3306 2197 3350 maten ENIAC ("First ready for use: Summer 1947"
425 3444 2255 3515 d=. "A survey of Automatic Digital Computers 1953 [b0/7] W.d.
2308 2157 2428 2187 1940
2270 3097 2388 3131 1946
2287 3313 2449 3343 1947
2425 3511 2465 3541 6
