2576 3622
389 162 455 202 (3)!
228 266 2140 298 Aus "Rechenanlagen von Walther u Hoffmann
481 460 2090 504 Gedanke eines Rechenautomaten zuerst bei
481 557 2170 622 Chasler Babbage, Idee der Programmsteuerung
469 667 1633 704 u.d. Gebrauch gelochter Karten
460 772 1968 821 Zur Bewältigung großen Zahlenstoffes gab
436 890 2140 929 H. Hollerith 1886 das Lochkartenverfahren an
460 979 2100 1032 Die Lochkartenmaschine kann als Löstuto der
441 1073 2175 1138 Rechenautomaten mit relativ kurzem u ziemlich
439 1197 1917 1241 starrem Programm angesehen werden.
432 1300 1105 1344 L. Couffignal u
462 1406 2137 1452 A. M. Turing beschätfigen sich etwa seit 1932
486 1509 2144 1551 mit der Automatisierung des Zahlenreichnens.
474 1603 2156 1661 Diese Bestrebungen erstmals praktisch verwirk-
457 1718 2095 1762 licht in dem durch H. H Aiken von 1937 bis
448 1837 2185 1884 1944 geschaffenen elektromechanischen Rechen
457 1936 1223 1985 automaten Mark I.
476 2037 2121 2093 (Aiken and Hopper 1946 (6i999): "In 1937, the cal-
476 2138 2141 2194 culator was visualized as a switchboard on
467 2253 2104 2290 which were to be mounted various pieces of
457 2342 2114 2391 calculating machine apparatus, each panel
467 2455 2135 2501 of the machine being given over definite
465 2558 2178 2616 mathematical operators. – The design and
441 2663 2168 2703 construction of the calculators was began in
439 2778 2053 2808 1939 and, almost immediately upon its
448 2877 2116 2921 completion in 1944, it was placed in peration
462 2966 2172 3026 by the Bureau of Ships of he U.S. Navy, ......."
460 3086 2188 3132 "Design and construction of the automatic sequence
454 3189 2154 3233 controlled calculator was begun in 1939 at Endicott,
462 3299 2142 3341 N.Y., and continued until August 1944, when
2297 137 2456 169 –1–
2201 249 2366 296 6i79w
2217 561 2413 598 ca 1835
2302 876 2402 913 1886
2285 1251 2419 1283 1932
2252 1310 2401 1344 (1938)
2302 1420 2426 1452 1932
2255 1518 2412 1548 (1937)
2272 2039 2414 2072 1937
2278 2764 2379 2801 1939
2235 2872 2402 2907 1944
2405 3510 2459 3543 3
