2577 3622
580 226 1941 277 Literaturquellen u. Dokumente
366 341 2347 392 a) Für Schreiben "Deutsche Forschungsgemeinschaft"
1286 444 1739 481 vom 2.7.59
368 552 2316 594 b) G. Wolf – Düsseldorf – Oberkassel vom 12.8.59
383 871 2450 920 1. Daten über die Entwicklung der ZUSE-Rechengeräte
691 982 2421 1028 (als Unterlage f. d. Ansprache des Dekans anläßlich
723 1075 1558 1120 der Ehrenpromotion)
359 1294 2382 1333 2. Ansprache des Dekans der Fakultät für Allgemeine
540 1395 2420 1443 Ingenieurwissenschaften der Technischen Universität
528 1510 2058 1556 Berlin, Prof Dr. Fr. Weygand Mai 1957
354 1714 2210 1767 3. Walther u. Hoffmann 1956: Rechenanlagen
533 1822 2186 1871 V.D.I.-Zeitschrift 98:(13):614-618 (Z.E #6i79W)
345 2033 2422 2075 4. de Beauclair 1958: Von der mechanischen Rechen-
519 2139 1864 2178 maschine bis zum Relaisrechner
702 2235 2230 2277 –.– Elektronische Rechner
704 2338 2349 2380 –.– : Daten verarbeitende Maschinen
690 2448 2476 2493 –.– : Anwendungsgebiete elektronischer
1312 2545 1922 2589 Rechenanlagen
723 2650 2331 2701 V.D.I. Nachrichten 1958 # 6,7,13 u 15.
318 2866 2295 2913 5. Lu. 1959 Eine programmgesteuerte elektrische
904 2972 1882 3021 Rechenmaschine. [Z4]
704 3073 2277 3119 Brill id. Schweizerischern elektrotechn. Vereins
946 3183 2016 3220 41: (16): 607-609 [5.8.1950]
2392 3514 2436 3544 2
