1872 2609
636 129 1562 162 Hinterstein, d. 4.6.46.
210 226 1268 271 Lieber Herr De Beauclair!
406 316 1684 367 Mit grossem Erstaunen habe ich
246 391 1671 436 von dem Inhalt Ihres freundlichen
228 473 1699 525 Schreibens vom 30.5.46 Kenntnis
232 543 1690 597 genommen. Der Sinn des ein-
246 621 1758 689 liegenden Schecks ist mir nicht ganz
234 701 1732 764 klar geworden. Darf ich ihn als eine
239 795 1704 837 Einlage Ihrerseits in mein Unter-
239 877 1721 921 nehmen betrachten und ihn für den
245 957 1737 1009 Wiederaufbau meiner Firma verwen-
256 1053 1730 1089 den? Das wäre selbst verständlich ge-
248 1124 1687 1171 rade im Moment eine sehr wert-
268 1199 1738 1250 volle Hilfe für mich, und ich bin ger-
274 1276 1750 1330 ne bereit mit Ihnen hierüber Vertrag
257 1360 742 1396 zu machen.
428 1443 1660 1494 Dass Sie nicht persönlich ins
284 1511 1679 1569 Walsertal können, ist ja sehr be-
275 1593 1656 1647 dauerlich. Frl. Schröder war darin
273 1665 1071 1710 wohl zu optimistisch.
460 1772 1763 1819 Ich hoffe Sie nun bald persön-
312 1862 1667 1908 lich wiedersehen zu können und
301 1941 1502 1983 grüsse Sie bis dahin herzlichst
961 2077 1646 2121 Konrad Zuse
354 2293 1339 2345 ~ 1.6. 850.- – Scheck geschickt
1727 2501 1761 2532 9
