1865 1375
773 112 1585 144 Hinterstein d. 23. 3. 46.
229 206 1290 251 Sehr geehrter Herr De Beauclair!
266 290 1671 343 Nachdem ich Ihnen vor einigen Wochen
189 367 1778 417 bereits geschrieben habe, möchte ich Ihnen
173 442 1596 494 der Sicherheithalber noch einmal Ihre
169 516 1669 566 Karte vom 12.2. 46 bestätigen und sehe
170 601 1620 651 Ihrem Besuch gerne entgegen. Eine
189 680 1689 738 Anmeldung durch Postkarte genügt.
369 805 1210 852 Mit den besten Grüssen
1005 946 1637 991 Konrad Zuse
1731 1267 1781 1302 3
