1856 1376
786 123 1638 165 Hinterstein, d. 29.6.46.
319 211 1508 260 Sehr geehrter Herr De Beauclair!
333 330 1640 387 Wegen Ihrer Werkzeugswünsche
202 420 1668 476 habe ich mit Herrn Eckhard, Burg-
195 513 1689 564 haun, Kr. Hünfeld Bahnhofstr. 6 1/2
185 601 1670 650 gesprochen. Er hofft Ihnen helfen
179 682 1724 735 zu können. Ich bitte Sie daher, sich
193 770 1676 817 persönlich mit ihm in der Ange-
182 859 1751 921 legenheit in Verbindung zu setzen,
174 947 1725 1000 und ihm ihre besonderen Wünsche
174 1026 1636 1079 mitzuteilen. Ich nehme an, dass
227 1102 1675 1153 Sie Herrn Eckhard noch von Darm-
191 1171 972 1210 stadt her kennen.
288 1240 1201 1277 mit Liste geschriebe 4.8.46
1701 1255 1753 1286 14
