1866 1374
1002 103 1688 141 Hinterstein, d. 22.4.46.
241 162 1026 202 Lieber Herr De Beauclair!
323 232 1788 288 An Herrn G. habe ich noch nicht geschrieben,
197 304 1700 350 möchte damit auch noch etwas warten. Ich
200 366 1587 417 werde dann Ihre Rückkehr erwähnen.
310 436 1784 490 Morgen (23.) fahre ich ins kleine Walsertal
192 504 1623 555 und hoffe dann auch etwas für Sie
184 579 920 617 tun zu können.
294 649 1705 700 Bezüglich des Aufbaus meines Ge-
199 721 1771 790 rätes ist ein neues Hindernis aufgehlen.
160 802 1651 855 Der Motor ist mir gestohlen worden
171 859 1630 928 und seine Ersatzbeschaffung wird
163 937 1738 1000 schwierig sein. Ob sich vielleicht in Kemp-
157 1019 1697 1073 ten einer leihweise beschaffen liesse, bis
158 1079 1784 1169 ich offiziell oder anderweitig Ersatz bekom-
212 1149 348 1187 ner?
267 1188 1705 1231 Anfang Mai werde ich durch Kempten
1717 1261 1747 1291 5
