2599 3636
1206 175 2296 210 Hinterstein d. 16.8.46.
457 311 1979 358 Sehr geehrter Herr De Beauclair!
462 467 2395 504 Leider habe ich neulich unterwegs Pech
304 570 2449 636 gehabt und wurde von einem Unwetter
274 674 2529 812 überrascht. Der Omnibus Nissem-Immen-
232 771 2416 862 stadt war leider schon besetzt, sonst hätte
233 865 2477 984 ich ihn gerade zur Zeit um 1/2 10 benutzen
252 983 2398 1076 können. So war ich nun erst am Abend
246 1105 2485 1173 zu Hause. Das ist nun heute leider nicht
257 1211 613 1248 anders.
458 1319 2320 1375 Bezüglich einer Zusammenarbeit
293 1447 2465 1509 zwischen uns ist mir noch eine Möglich-
297 1571 2304 1627 keit eingefallen. Es wäre mir lieber,
316 1687 2401 1745 wenn der Bau eines Gerätes für die von
316 1800 2295 1867 Ihnen ins Auge gefasste Stelle nicht
287 1906 2505 1997 daselbst, sondern selbstständig beispiels-
278 2019 2343 2091 weise unter Ihrer Leitung durchgeführt
299 2134 2355 2202 werden könnte. Allerdings wäre die
294 2257 2469 2353 Finanzierungsfrage dann wohl schwieri-
268 2367 2382 2451 ger, aber wir würden nichts aus der Hand
290 2480 2339 2557 geben. Es müsste angestrebt werden, mit
292 2600 2356 2670 dem Gerät dort später ein Rechenbüro
321 2718 2428 2809 zu führen. Vielleicht könnten Sie Mög-
323 2857 2432 2939 lichkeit einmal wieder ins Auge fassen.
476 2987 2409 3052 Eine andere Möglichkeit, für den Fall,
591 3097 2268 3151 Ihre augenblicklichen Pläne sich
535 3199 2297 3247 klagen sollten, wäre folgende: Sie
643 3300 2436 3370 ten selbstständig bzw in Zusam-
2421 3526 2489 3556 19
