1886 1383
606 117 1523 150 Hinterstein den 27.4.46.
227 165 928 215 Lieber Herr de Beauclair,
297 245 1781 299 Wie Ihnen Herr Dreyer bereits mitgeteilt haben
175 298 1753 369 wird, habe ich in der Überführung Ihrer Sachen aus
168 359 1727 430 dem Walsertal nichts unternommen, da ich
164 420 1730 503 es nach Feststellung der Lage für wichtiger halte,
163 485 1766 561 wenn Sie sich persönlich ins Walsertal begeben.
158 563 1739 637 Ihre Sachen sind einstweilen noch gut unter-
151 636 1745 702 gebracht. Fräulein Schröder ist bereit Sie bei der
156 714 1793 775 Beschaffung eines Passierscheines zu unterstützen.
158 787 1802 848 Bitte setzen Sie sich telefonisch mit ihr in Ver-
156 860 891 907 bindung (Riezlern 18)
306 930 1801 982 Im Übrigen werde ich wahrscheinlich Anfang
190 1003 1789 1074 Mai nach Kempten kommen und Ihnen dann
175 1076 1190 1118 persönlich Besuch erstatten.
522 1134 1288 1176 Mit den besten Grüssen
848 1236 1216 1278 Konrad Zuse
1738 1272 1770 1302 7
