2605 3624
1109 157 2205 190 Hinterstein d. 15.2.46
340 282 1896 325 Sehr geehrter Herr De Beauclair!
513 463 2205 502 Mit grosser Freude habe ich heute Ihre
317 570 2450 616 Karte erhalten, aus die ich entnehme, dass
314 687 2321 735 Sie wohl wieder auf freiem Fuss sind!
530 812 2355 848 Ihrem Besuch sehe ich gerne ent-
296 933 2466 974 gegen. In nächster Zeit werde ich nicht
317 1048 2361 1088 verreisen, sondern wahrscheinlich in
303 1166 2402 1213 Sonthofen mein Gerät montieren.
313 1277 2374 1324 Es befindet sich dort eine Aussenstelle
295 1398 2361 1445 der DVL, wo ich mein Gerät aufstellen
293 1513 1647 1556 und einsetzen könnte.
468 1634 2491 1691 Anscheinend schweben Sie beruflich noch
313 1752 2351 1799 in der Luft. Mir geht es ähnlich. Jedoch
302 1867 2375 1920 bin ich gerade dabei, mir einen neuen
310 1998 2452 2038 Mitarbeiterstab zusammenzustellen.
326 2102 2328 2149 Da wären Sie mir selbstverständlich
344 2224 2466 2277 sehr willkommen, falls Sie nicht an-
313 2345 2345 2385 dere Pläne haben. Allerdings bin ich
321 2453 2456 2510 bis jetzt noch pleite, da meine Berliner
307 2574 2474 2621 Bankkonten futsch sind. Aber es wird
448 2692 1730 2739 er einen Ausweg geben.
528 2810 2467 2860 unächst wäre ich Ihnen sehr dankbar,
681 2934 2353 2981 Sie mir bei der Aufstellung des
757 3046 2505 3092 in Sonthofen helfen könnten.
896 3164 2467 3217 Besuch genügt Anmeldung mit
912 3339 2163 3396 Mit den besten Grüssen
1224 3453 2130 3514 Konrad Zuse
2448 3507 2508 3540 1
