3615 2604
1245 160 2240 214 Lieber Herr Breker!
1151 227 2811 336 Leider komme ich erst heute dazu,
761 304 2911 430 Ihren netten Brief vom 6. April 87 zu beantworten.
764 395 2862 511 Leider mußte ich in den letzten Monaten
747 493 2840 585 wegen eines Herzinfarktes in Valseiten und
762 565 2905 676 Rekonvaleszenzgedben verbringen, auch
768 639 2991 753 in Zukunft muß ich mich noch sehr schonen,
763 740 2591 828 so dass ich einstweilen wohl nicht nach Düssel-
748 800 2941 900 dorf kommen kann, was ich sehr bedaure. Ihre Arbeiten
756 865 2963 988 haben mich stets beeindruckt und ich würde sie mir
726 980 1986 1051 gerne noch einmal ansehen.
849 999 2941 1106 Zur Zeit male ich nicht, denn ich bin voll mit dem
746 1109 2813 1195 Nachbau des historischen Computers Z1 (Baujahr 1936-38)
72 2464 106 2507 2
