2576 3625
1166 140 1216 173 5
538 338 2376 374 Über die gewählten Voreinstellungen
461 463 2330 499 muss eine Verständigung vor jeder
493 575 2285 611 Sendung erfolgen. Dies kann wie
477 700 2365 733 üblich durch mit Hilfe einer Vorein-
486 815 2397 845 stellungstabelle und Handeinstellung
474 927 2355 963 erfolgen, jedoch lässt sich das Gerät
482 1036 909 1075 auch für
259 1167 2320 1219 selbständige Übermittlung der Vorein-
480 1292 2439 1322 stellung konstruieren. Hierbei erfolgt
474 1394 2330 1443 nur auf der Senderseite die V Ein-
458 1513 2445 1549 stellung. Darauf wird d in verschlüsselter
442 1637 2413 1667 Form die Voreinstellung auf das Em-
454 1746 2320 1783 pfangsgerät übertragen, zur Kontrolle
443 1855 2442 1911 selbsttätig zurückübertragen, vergab und
469 1977 2458 2019 vergleichen. Ist keine Gleichheit vorhanden,
466 2089 2365 2141 so erfolgt die Übertragung noch ein-
480 2213 2429 2250 mal. Der Vorgang spielt sich in weni-
458 2329 2311 2378 gen Sekunden ab. Dadurch erreicht
493 2447 2445 2483 man Zeitersparnis, Erhöhung der Si-
480 2569 2456 2605 cherheit, Verbesserung der Geheimhaltung.
466 2677 2389 2720 Es fällt die Umrechnungstabelle für die
470 2790 2468 2842 Einstellungen weg, und auf der Em-
454 2917 2427 2960 pfangsseite ist die Voreinstellung nicht
473 3036 970 3079 bekannt.
2421 3523 2470 3553 5
