2586 3600
497 196 2157 234 eine logische Umformung der Stellen
496 307 2186 354 des Befehlsregister (bv1, bv2 ... bvk) durch
520 439 2452 474 Flipflo Ja-Nein-Werte (t1 t2 ... tk) vorgenom
500 553 2375 594 men. Wie die vorg Die (t1 ... tk) ents-
483 673 2426 714 sprechen dabei irgendwelchen nach organi-
494 782 2283 823 satorischen Richtlinien ausgewählten
362 896 2286 954 K  Dualstellen An K verschiedenen Regist
529 1013 2395 1052 im Akkumulator und an der Registerer
354 1079 1060 1114 und evtl Schalter
917 1187 2403 1226 Der Gang der Rechnung hängt dann
523 1307 2257 1343 in vielfacher Weise von den Rechenresultaten ab,
503 1419 2286 1466 so dass die Flexibilität erhä gross wird,
513 1544 2337 1592 und auch Zeit eingespart werden kann.
2332 161 2387 195 4
2410 3476 2475 3508 10
