2603 3596
2305 193 2362 223 2
552 245 1976 279 1.) Ein in b stehender Befehlstext
707 365 2118 395 wird nach den Entschlüssler gesetzt.
576 535 2264 571 2.) Der Entschlüssler setzt die Stromtore
733 662 2387 700 A, E, T usw zum Zahlentransport oder
724 771 2202 812 bereit zum Befehlstransport bereit,
769 885 2372 926 je nach Art des im Befehlstext vorhandenen
769 997 2380 1044 Operationszeichens und wählt die Adresse
782 1070 1635 1104 im Speicher mg m.
666 1184 2359 1218 3.) Der Transport von Zahlen oder Befehls-
803 1295 2404 1343 texten findet nach Ausgabe auf Grund
808 1414 2110 1450 der Stellung der Stromtore statt.
827 1530 2245 1562 z.B. Bei Öffnung der Tore A zu wirdaus
821 1646 2198 1682 dem Speicher mit der Adresse m eine Zahl geholt die
814 1764 2275 1796 sich zu der im Akkumulator a be-
819 1884 2350 1914 findlichen im Addierwerk + hinzu
821 1998 2346 2034 addiert, wobei die Summe sogleich wieder
821 2114 2378 2146 in a wandert. Gleichzeitig ste wandert
805 2229 2254 2261 ein in c reservierte Text ins Befehls
820 2352 1208 2384 register b.
831 2462 2397 2497 Anschliessend beginnt wieder die Phase 1).
741 2636 2341 2669 Es ist oft vorteilhaft die Addresse vor der
741 2749 2369 2795 Entschlüsselung dadurch um zu wandeln
723 2865 2284 2910 das man eine im Register i befindliche
738 2985 2436 3031 Zahl vorher hinzu addiert. Diese i-Register
733 3101 1849 3138 sind v ... beschrieben.
746 3216 2233 3266 Nach Ansp. Z. von Part ... wird jetzt
761 3342 1141 3377 analog.
2473 3492 2502 3522 7
