1882 2549
752 232 1579 264 Freiburg, d. 19.10.54.
193 353 1280 385 Sehr geehrter Herr Professor!
421 472 1660 504 Es ist mir noch folgende einge-
202 593 1641 630 fallen: Man kann den Einfluss der
224 714 1717 747 Drossel und Druckes pQ (Quellendruck =
224 833 1772 866 Druck der erzeugenden Pressluftquelle)
209 948 1731 980 eliminieren, wenn der Widerstand
193 1069 1596 1104 der Drossel und pq pa hoch ansetzt.
171 1183 1672 1230 p0 = Druck im schädlichen Raum ist
169 1297 1705 1341 dann klein im Verhältnis zu pq pa.
174 1414 1622 1448 Dementsprechend ist bei kleinen
169 1544 1748 1582 Änderungen von p0 der Druckabfall
162 1650 1725 1693 in der Drossel kaum verändert, was
178 1792 1696 1824 ein annähernd konstantes p durch die Drossel
169 1885 421 1915 ergibt.
281 2004 1617 2038 Es empfiehlt sich  sich villleicht ein
164 2122 1755 2171 elektrisches Ersatzbild zu verwenden,
169 2237 1665 2267 bei dem die Drossel durch einen Wider-
1731 2439 1770 2469 1
