2610 3625
1240 154 1316 184 5
2350 157 2449 189 13
290 214 2401 268 Schon vorher hatten wir verschiedene Pläne erwogen,
237 270 2508 369 das Gerät aus dem ziemlich gefährdeten Göttingen heraus-
237 335 2348 388 zubringen. Man schlug uns vor, das Gerät in die
251 384 2381 449 unterirdischen Industriewerke im Südharz zu,
242 447 2397 513 bringen, wo die V0 V2 gebaut wurde. Aber ein Besuch
242 506 2411 572 in diesem Werk, in dem 20 000 K-Zler arbeiteten, war
244 565 2438 641 mir ein abschreckendes Erlegbnis. Wir beschlossen daher,
246 621 2401 682 uns zunächst irgendwohin in einem Nachbardorf zu
258 680 2351 743 verkriechen und das weitere über uns ergehen zu
268 741 2391 800 lassen. Es wäre vielleicht besser gewesen, wenn
274 804 2412 858 ich damals in Göttingen geblieben wäre; denn
262 863 2429 927 damals war mein Gerät noch etwas Neues. Heute
276 918 2408 972 ist es zwar auch noch das Einzige seiner Art in
270 981 2431 1039 Europa, aber durch amerikanische Entwicklungen
286 1035 669 1072 überholt.
430 1094 2473 1155 Mein Organisator organisierte daher mit mei-
246 1157 2436 1218 sterhaftem Talent einen 5 To Diesel Lastwagen mit
270 1214 2350 1268 Anhänger und so konnten wir das Gerät und
272 1273 2417 1329 12 Personen einschliesslich meinen wertem Ehe-
262 1338 1836 1386 weibe aufladen und abrauschen.
400 1452 2387 1504 Selbiges Eheweib hatte ich wie gegen Ende des
246 1510 2429 1583 Krieges in Berlin nach meinem Wanderzirkus
248 1571 2391 1622 einverleibt, auf dass ich nicht so allein sei. Es
241 1626 2356 1684 kam mir dabei in erster Linie auf die Sonder-
244 1691 1778 1737 zuteilungen zur Hochzeitsfeier an.
377 1807 2425 1861 Wir fanden denn auch in einem entlegenen
241 1862 2423 1914 Dorf (Rollshausen) gute Quartiere bei Bauern mit
269 1918 2487 1989 dicken Kartoffeln und Gasthäusern mit gutem Essen.
260 1983 2500 2062 Auch das Gerät hätten wir gut unterstellen können.
278 2044 2338 2090 Der Bürgermeister schüttelte erheblich sein weises
274 2105 2423 2155 Haupt, und fragte uns erstaunt, warum wir
256 2158 2367 2212 den Amerikanern ausgerechnet in die Arme
249 2213 2351 2273 führen. In der ganzen Lage kamen wir uns
288 2276 2422 2330 wie Desserteure vor. Ich setzte mich auf ein vor-
276 2334 2472 2391 syntflutliches Fahrrrad und nach einer Tages-
264 2397 2501 2484 fahrt durch Regen fand ich dann noch eine Dienst-
261 2458 2513 2557 stelle, die so tat als wenn sie noch Verwendungs-
252 2512 2340 2577 möglichkeit für uns hätte. Wir sollten unser
258 2572 2436 2629 Gerät auf einen Güterzug verladen mit unbe-
254 2619 2477 2696 kanntem Ziel. Ich rief meinen Klub zusam-
236 2681 2472 2778 men und erklärte ihnen, dass wir uns entweder
245 2744 2454 2807 hier überrollen lassen müssten oder mit völlig
270 2806 2362 2869 ungewissem Schicksal eine Fahrt ins Blaue
247 2864 2472 2923 antreten müssten, wenn wir bis zum letzten auf
272 2928 2492 3023 unserem Posten stehen wollten. Wir wählten geschlos-
265 2986 2331 3048 en den letzteren Weg. Wir setzten es dann noch
254 3049 2458 3117 durch, dass wir unseren Lastwagen behalten konnten
156 3098 2428 3159 dazu 1000 Liter Dieselöl und einen Fahrbefehl nach Oberam-
243 3162 2486 3244 mergau bekamen. So nahm dann unser Zigeuner-
241 3222 1290 3261 leben seinen Fortgang.
385 3341 2381 3391 Wir waren nun etwa 3 Wochen mit dem
236 3403 2373 3457 Lastwagen unterwegs. Wir fuhren meist nachts
2455 3510 2488 3543 5
