2597 3625
1274 104 1315 134 9
231 193 2397 234 in Kunst zu machen. Ich habe damals eine
230 250 2501 300 Reihe von Holzschnitten aus der dortigen Gegend
221 310 2467 362 gemacht. Viel eingebracht hat mir das aller-
263 373 2435 415 dings nicht; denn die Amerikaner kauften
240 437 1478 468 nur Kitschbilder in Öl.
375 545 2430 589 Ansonsten trieb ich allerlei mir bis dahin
232 601 2375 650 Ungewohntes. Um Heizmaterial herbei zu-
221 667 2340 715 schaffen trieb ich mich wochenlang im Holz
259 715 2446 776 herum. An steilem Hang haben wir unter
217 784 2472 838 Lebensgefahr Bäume gefällt. Wir mussten uns
217 835 2377 889 anseilen, um überhaupt ranzu kommen.
241 896 2379 951 Auch gab es dort viel Pilze, so getrocknet
226 954 2442 1003 eine gar wohlschmeckende Nahrung für den
242 1018 2451 1063 Winter ergaben. Ich habe das Zeug gleich Zent-
227 1083 1444 1129 nerweise gesammelt.
355 1192 2370 1235 Zum Bergeklettern bin ich nicht viel
243 1258 2371 1301 gekommen, Man war zu ausgehungert, es
242 1317 2470 1369 fehlte an passenden Schuhen und zur Sicherung
243 1372 2428 1425 der nakten Existenz musste man dauernd
244 1432 1106 1486 unterwegs sein.
363 1547 2321 1590 Allmählich tat sich auch wieder geschäftlich
260 1600 2399 1649 etwas. Mit einem guten Bekannten tat ich
223 1666 2359 1718 mich zusammen und brachte das Gerät
217 1725 2455 1775 aus seinem Dornröschennschlaf ins Alpen-
230 1783 2392 1835 vorgelände, nach Hopferau, wo es wieder
224 1842 2309 1890 aufgestellt werden konnte. Es war dies
234 1897 2466 1965 eine Lanarbeit; denn es war inzwischen
253 1963 2430 2015 arg verrostet. Zum Glück hat es während der,
257 2023 2397 2080 ganzen abenteuerlichen Zeit keine ernsthaften
262 2087 1462 2135 Beschädigungen erlitten.
381 2191 2346 2238 Jetzo bekomme ich des öfteren Besuch
275 2257 2276 2309 und der Erdball nimmt Notiz, von
252 2308 2442 2368 dem, was hier vorgeht. Inzwischen ist dieses
257 2369 2376 2430 Modell allerdings veraltet. In Amerika
282 2435 2407 2472 ist man bereits in vieler Beziehung weiter.
241 2490 2384 2542 Die Idee vom hochgeschwindigkeitsrechenge-
251 2552 2415 2604 rät, welche ich seinerzeit zusammen mit
256 2614 2490 2682 dem Motiver Schreyer gehabt habe, ist drüber
261 2681 1355 2721 verwirklicht worden.
404 2786 2350 2832 Während ich mich in Deutschland gegen
251 2853 2402 2890 Vorurteil, Sturheit, Dummheit usw. sehr
242 2906 2421 2954 schwer durchsetzen musste, ging man in
258 2963 2450 3007 merika mit 10 fachem Aufwand an die
245 3021 2381 3081 Lösung der Aufgabe heran. Heute ist die
258 3085 2449 3143 wissenschaftliche Rechenmaschien die grosse
243 3154 575 3195 Mode.
357 3248 2359 3301 Jedoch ist mein Kopf noch nicht ganz eingerostet. Die
265 3306 2416 3356 bekannten verrükten Zuseschen Schnapsideen klekkern
273 3370 2414 3421 nach wie vor hervor. Also gebe ich das Rennen nich auf.
2402 131 2478 164 15
2460 3493 2500 3523 9
