2594 3622
1336 131 1366 161 8
228 195 2298 243 der, Der Erfinder der Rechenmaschine zu
223 253 2332 298 sein, welche da im Ort aufgestellt sei. Ich liess
228 312 2361 355 ihn ruhig erzählen und habe mich ruhig im
260 370 2459 440 Hintergrunde gehalten. Auf diese Weise wurden
216 427 2480 515 stets andere verhaftet. Die Franzosen interessierten
202 489 2444 537 sich nicht für das Gerät, sondern nur für die
206 546 2493 625 dort auf gelagerten Privatsachen, Schreibmaschinen
204 602 428 636 usw.
323 719 2433 766 Zuerst hatten wir im Dorf keine Besatzung.
221 780 2413 830 Dann kamen auf einmal gleich 2 Kompagnien
207 844 2396 888 Marokkaner. Sie hatten angeblich die Aufgabe, die
229 898 2378 952 Berge von der SS zu reinigen. Sie sind jedoch
223 957 2396 1009 nie weiter gekommen als man mit dem Auto
194 1017 2327 1062 fahren kann, und hatten anscheinend nichts
198 1074 2458 1120 anderes zu tun, als die amerikanische Verpfle-
207 1134 2425 1183 gung aufzufressen. Als diese alle war, fielen sie
212 1193 2391 1246 über das einheimische Vieh her. Die Marokkaner
185 1249 2436 1298 selbst zeigten sich sehr deutschfreundlich, entgegen
190 1317 1457 1356 Ihrer französischen Führung.
327 1427 2350 1471 Die Lebensmittelzuteilungen waren damals
206 1487 2321 1535 sehr knapp. Bei den Bauern zu organisieren
215 1547 2391 1608 war nichts möglich. Diese schmissen überzählige
210 1604 2462 1689 Kartoffeln, Brot und Käse lieber auf den Misthau-
191 1670 2419 1738 fen. Es entspricht dies der Auffassung von Volks-
217 1730 2292 1771 solidarität der Alpenbauern. Die damischen
230 1789 2413 1829 Zugeroasten, die lendigen sollen verreckents.
282 1843 2360 1886 Ich habe damals Schnecken gefressen, bis ich das
212 1904 869 1939 Kotzen bekam.
331 2021 2422 2073 Schliesslich zogen die f Franzosen ab, und wir
188 2075 2377 2126 bekamen amerikanische Besatzung. Es geschah
208 2134 2338 2182 ihrerseits zunächst garnichts. Gleich nach Abzug der
214 2202 2403 2239 Franzosen erschienen zwei englische Offiziere bei
206 2251 2305 2297 meiner Gruppe und erkundigten sich nach
217 2309 2270 2358 der Höllenmaschine. Später erfuhr ich, das die
190 2373 2469 2418 Tommies eine Zeitlang heftig meine Spure ver-
207 2430 2255 2476 folgt haben. Aber es geschah auch da nichts.
345 2551 2299 2586 In Hinterstein konnten wir das Gerät
207 2607 2292 2650 nicht wieder aufstellen. So kam dann erst
227 2664 2442 2714 eine Übergangszeit, in der jeder versuchte, sich
220 2722 2467 2804 schlecht und recht durchzuschlagen. Meine Gruppe
230 2786 2334 2840 löste sich allmählich auf. Schliesslich blieb ich
210 2847 2379 2901 allein in Hinterstein. Im Herbst 45 wurde
204 2903 2399 2959 mein Sohn geboren. Inzwischen hatte ich nach
219 2969 2412 3021 einjähriger Ehe meine 6. Wohnung bezogen.
300 3077 2353 3136 Ich führte damals und zum Teil noch jetzt
212 3141 2352 3195 ein recht angenehmes Privatgelehrten dasein.
232 3198 2414 3244 In herrlicher Landschaft mitten in den Bergen
218 3251 2449 3319 konnte ich mich geistig etwas von der Hetzjagd
193 3315 2366 3367 des Krieges erholen. Auch meine alte künstleri-
203 3382 2302 3420 sche Ader platzte wieder auf, und ich begann
2461 3509 2489 3541 8
