2610 3624
1317 103 1358 133 2
214 182 2418 225 Es ereignete sich nicht, dass ich auf Grund solch zer-
180 252 1604 289 setzender Propaganda ins K.Z. kam.
309 355 2470 405 Nach solchen letzter studentischen oder auch motivisch
221 417 2396 465 motivischen Belästigungen begann nun der soge-
210 479 2367 526 nannte oder auch Ernst des Lebens. Nachdem ich
203 541 2371 586 mich ja in verschiedenen Berufen und Fakultäten
214 598 2441 647 versucht hatte, begn gelang es mir dann doch mit gewal-
210 669 2370 702 tiger Kraftanstrengung die Diplom-Hauptprüfung zu
195 724 2462 766 absolvieren, worauf ich in das Berufsleben hinaustolperte.
195 788 882 818 hinausstolperte.
299 894 2402 929 Zuvörerst ging ich den normalen Weg eines ver-
225 953 2416 998 nünftigen und wohl gesitteten Staatsbürgers. Ich suchte
229 1018 2447 1062 mir eine geeignete Stelle im damals noch 1000 jäh-
242 1077 2367 1114 rigen Reich und widmete mich ein Jahr lang der
219 1134 2374 1179 statistischen Berechnung von Instrumenten, so der
235 1193 2157 1228 Erhebung des Menschen in die Lüfte dienten.
336 1312 2363 1347 Nach einem Jahr strebsamen bemühens unterbr
242 1366 2408 1411 ich jedoch meine so hoffnungsvoll begonnenne
236 1428 2420 1478 Laufbahn und zog mich nach Art eine Ere-
230 1487 2428 1547 miten in die Einsamkeit meiner Bude zurück.
233 1544 2404 1591 Das Volk schüttelte staunend den Kopf ob solch wun-
237 1603 2261 1648 derlichen Tuns. Draussen feierte die Welt die
240 1663 2273 1707 Olympiade, während bei mir ganz wunderliche
220 1719 2305 1779 Dinge geschahen. Nur wenige Auserwählte durften
239 1781 2468 1826 erfahren, dass hier weder Falschgeld gedruckt noch ein Benzin-
217 1845 2368 1885 tankmesser konstruiert wurde, sondern dass ich mich
229 1902 2464 1952 der sonderlichen Idee verschrieben hatte, ein Instrumen-
226 1959 2268 2004 tum zu bauen, so dem geplagten Ingenieur seine
249 2016 2443 2061 schwierigen und eines hochscheuen Wesens unwürdigen
235 2085 1952 2122 mechanischen Recharbeiten abzunehmen.
381 2191 2409 2239 Es gab damals im Motiv tapfere und hilfreiche
217 2248 2357 2300 Mannen, so mir in meinem Vorhaben zur Seite
249 2312 2323 2357 standen, sei es durch pekuniäre oder Hilfe oder
228 2369 2330 2419 aktive Mitarbeit. Solchen Leuten sei hier mein
227 2426 2420 2471 tiefgefühlter Dank ausgesprochen und ihre Namen
253 2490 2384 2533 mit deren Lettern in dieses Almanach einge-
262 2557 677 2589 meisselt:
350 2604 1399 2654 Durch Mitarbeit haben geholfen:
392 2661 2118 2706 Walter Buttmann, Helmut Schreyer, Kurt Mitzenja
381 2718 1450 2765 Andreas Grohmann, Eckstein
346 2784 1856 2832 Durch Geldmittel haben mich unterstützt:
413 2839 875 2876 Rolf Pollems
403 2898 1695 2943 Gebr. Herbert und Horst Müller
425 2957 1188 2997 Roland Grohmann
400 3019 819 3056 Rolf Reschke
297 3138 2429 3180 Solches Vorhaben hatte zur Folge, dass ich mich ganz
224 3194 2387 3242 in die Einsamkeit meiner Arbeit vergrub, um dann
214 3254 2372 3304 plötzlich 1939 durch dröhnendes Kriegsgeschrei und
210 3313 2370 3353 einen Einberufungsbefehl an die reale Welt erinnert
212 3370 2374 3420 wurde. So wachte ich denn eines Tages aus meinem
2456 3511 2491 3541 2
