2618 3628
1261 133 1304 163 3
251 204 2439 254 Erfindertraum mit einem Stahlhelm auf dem Kopf
230 271 1988 315 und einer Knarre in der Hand auf.
345 380 2463 440 Jedoch habe ich während dieses halben Jahres Infanterie
251 441 2401 491 im Vergleich zu anderen nichts Wesentliches erlebt.
254 498 2481 562 Man bemühte sich damals an einigen Stellen darum, mich
244 559 2326 603 wieder dem deutschen Flugzeugbau zuzuführen; da
261 617 2458 684 mein Major aber auf dem Standpunkt stand, dass
257 681 2422 731 die deutsche Luftwaffe tadellos sei, und infolgedessen
251 742 2444 792 nichts mehr daran zu berechnen sei, verblieb ich noch
254 796 2370 843 einige Zeit im Lager Döberitz und liess die Dinge
257 864 1466 897 an mich herankommen. E
379 975 2438 1016 Eines Tages war ich aber wieder Statiker des Flug-
272 1031 2456 1081 zeugbaus. Die Beschäftigung mit meinem eigenen Spiel-
267 1087 2460 1140 zeug musste ich zunächst auf die Abende und Sonn-
281 1146 2426 1203 tage verschieben. Almählich gelang es mir aber doch,
265 1210 2416 1260 hierfür Interesse zu erregen und so konnte ich dann
261 1266 2426 1315 in den Jahren 41-45 einen klle kleinen Betrieb
270 1328 2398 1373 aufbauen, solcher sich n "Zuse Apparatebau" nannte,
274 1389 2398 1435 und der Entwicklung und Fertigung wissenschaftlichee
292 1443 2348 1487 und technische Spezialrechenmaschinen diente. Ich
273 1504 2346 1548 führte damals ein Doppelleben. Einmal war ich
297 1561 2300 1607 Leiter der statistischen Abteilung von Prof Wagner
296 1620 2409 1664 HFW und zum anderen organisierte ich meinen
279 1679 2451 1736 eigenen Betrieb. Es gelang mir im allgemeinen
270 1742 2425 1790 dieser Aufgabe ohne Schizophrenie Herr zu wer-
254 1797 449 1834 den.
390 1917 2414 1956 Die folgenden Jahren brachten nun das allen wohlbe-
267 1976 2380 2022 kannte Erlebnis des Bombenkrieges. Zunächst ging
252 2035 2455 2096 die Sache noch gut ab. Vier Stubenbrände gelang es mir,
264 2089 2400 2139 sachgemäss mit der Handspritze zu löschen. Ein-
266 2150 2452 2198 mal hatte ich grosses Glück. Das Haus, in dem sich mei-
258 2209 2383 2251 ne Werkstatt befand, brannte ab; ich hatte noch Zeit,
265 2266 2450 2312 das Wichtigste zu retten, und konnte nun bei den zu-
255 2327 2475 2387 ständigen Dienststellen den nötigen Nachdruck ausüben,
280 2388 2418 2423 um neue Werkstatträume zu bekommen. Ich bekam
282 2447 2443 2500 eine ganze Etage in einem sehr schönen Fabrikgebäude
283 2502 2301 2545 in der Oranienstr. Kaum hatten wir uns dort
279 2558 2404 2602 eingerichtet, als eine Luftmine alles wieder durch-
282 2617 2409 2661 einander blies. Mit solchen und ähnlichen Erleb-
288 2674 2359 2720 nissen habe ich dann das letzte Kriegsjahr verbracht.
280 2737 2396 2779 Ich habe im ganzen 5 mal schweren Bombenschaden
264 2796 2325 2840 gehabt. Zeitweise war ich nur noch Feuerwehrmann.
317 2857 2389 2896 Zwischendurch versuchten wir dann noch zu arbeiten.
272 2912 2398 2955 Wir verkrochen uns in den Keller und ich konnte im
265 2978 2358 3022 Kriege noch mehrere Modelle bauen, die allerdings
276 3035 2425 3093 nur zum Teil zum Einsatz kamen. Den Unkundigen
264 3094 2426 3147 sei gesagt, dass es sich bei diesen Objekten im allgemeinen
267 3153 2280 3192 um solche handelte die einige Zehntausend bis
265 3214 2389 3258 Hunderttausend Mark kosten und ein ganzes Zim-
279 3276 874 3310 mer ausfüllen.
345 3384 2375 3431 Das letzte und neueste Modell war beinahe
2454 3509 2484 3543 3
2417 139 2481 176 12
