2597 3620
1179 128 1252 160 10
306 239 2345 292 Während ich dies Zeilen niederschrieb, hat sich ein
226 309 2290 352 wichtiges geschichtliches Ereignis zugetragen. Mir
221 375 2344 422 wurd eine Tochter geboren mit Namen Monika.
247 428 2434 493 So gedeihen denn einstweilen meine leiblichen
217 488 1787 533 Kinder besser als meine geistigen.
366 601 2324 650 Was die Zukunfts betriffts, so habe ich vor-
216 669 2399 711 schriftswidrig nicht die Absicht, zu Grunde zu gehen.
370 780 2423 841 Mögen diese Zeilen aller Neugierde gesättigt
224 840 524 872 haben.
755 965 1556 1001 Mit Motivergruss
1524 1088 2315 1125 Konrad Zuse
2431 3509 2492 3541 10
