2593 3625
1152 126 1193 156 7
268 180 2489 243 bis dahin vom Kriege nichts gemerkt hatte, schlugen
237 240 2422 297 jetzt hier die Wellen der zurückflutenden Soldaten,
281 298 2444 372 Zivilisten und sonstigen Gestalten gegen die Felswand.
231 357 2335 416 und konnen nicht auch warten. Die Lastanters
236 415 2417 469 fuhren so weit sie konnten und versuchten dann
230 477 2482 538 noch viele Ladungen, die zumeist aus Lebensmitteln
265 534 2470 591 bestanden in die Alenhütten zu bringen. Eine
261 592 2526 673 Gruppe von 55 Leuten verschaffte sich mit Gewalt Quar-
287 656 2405 708 tiere im Dorf. Es waren auch Zivilisten dabei.
251 709 2451 779 Ferner kam zur gleichen Zeit ein 5to Lastwagen
271 769 2439 830 mit Angänger ins Dorf, der vom lauter jungen
260 820 2367 890 Leuten besetzt war – anscheinend verkappte 55
283 886 2509 952 in Zivil – Diese Leute luden eigenartige Kisten
281 953 2453 1009 und Geräte in dem friedfertigen Dorf ab. Man
294 1006 2486 1067 wollte erfahren haben, dass es sich um eine Ge-
271 1064 2491 1130 heimwaffe handelte, welche hier nich zum Ein-
255 1126 2388 1183 satz gebracht werden sollte. Schrecklich! Und diese
263 1190 2474 1240 Leute wollten Quartier im Dorf haben. Ein gewisser
250 1243 2436 1302 Zuse sollte der Erfinder des mysteriösen Gerätes
283 1305 2345 1364 sein. Dazu noch ein Berliner und nicht
262 1389 695 1430 katholisch.
405 1480 2510 1558 Schliesslich beruhigte sich das Volk einigermassen.
261 1540 2381 1594 Man fand sich mit den lästigen Eindeingbugen
243 1599 2311 1665 ab. Die Überrollung ging hier nun glatt
244 1657 2365 1724 von statten. Entgegen unseren Bezichnungen
274 1725 2302 1780 wurden kamen wir unter französische
251 1798 758 1853 Besetzung.
405 1887 2392 1943 Es folgte dann die dunkle Zeit der ersten
282 1953 2401 2016 Besatzung. Damals gingen allerlei dunkle Ge-
268 2010 2339 2082 stalten im Dorf herum und man wusste
261 2070 2445 2135 nicht wer dieser und wer jener ist. Mal wurde
252 2132 2385 2195 dieser verhaftet und mal jener. Im grossen
260 2187 2475 2270 und ganzen ging aber alles gut ab. Ein schwarzer
278 2247 2368 2312 Herr offensichtlich, nicht ganz normal, gab sich
244 2302 2412 2370 als Dr. Ernst und ehemaligen K-Z. Insasse aus:
267 2364 2439 2425 Er war Erfinder der Tollsten Dinge, unter anderem
264 2426 2483 2478 der mit Lichtquanten geladenen Glasflasche, welche
242 2479 2434 2544 explodiert und im Umkreis von 80 km alles zer-
230 2541 2427 2606 stört. Er arbeitete nach dem Grundsatz der indi-
228 2594 2468 2670 schen Physik. Eine Unterhaltung mit ihm ersetzte
240 2660 2411 2723 das dort fehlende Kino. Ausserdem hatte er nich
230 2718 2354 2790 grosse Mengen an Konserven Zigaretten, Schnaps
249 2775 2435 2841 usw. irgendwo in den Bergen versteckt, so dass es sich
226 2835 2312 2907 mitunter lohnte, seinen verrükten Phantasien
259 2897 2509 2980 zuzuhören. Einige meinten, er sei ein ganz gerissener
234 2950 2497 3031 und spielte blos den Verrückten. Er war abwechselnd
263 3016 2458 3088 verhaftet und wieder frei gelassen. Kam er zurück er-
264 3076 2476 3141 zählte er mir grosse Töne: "Herr Zuse, ich sage Ihnen,
241 3131 2390 3192 was meinen Sie, was ich Ihretwegen ausgehalten habe.
264 3195 2399 3252 Ihre ganze Gruppe sollte verhaftet werden. 6 Stunden
273 3248 2423 3305 lang hat man mich aus über Sie ausgefragt; aber
258 3317 1298 3369 ich habe nichts verraten
388 3423 2480 3467 Er behauptete dann anderen gegenüber auch wie
2385 124 2440 157 14
2469 3494 2504 3525 7
