2595 3622
1323 121 1356 151 6
243 210 2435 256 da tagsüber die Strassen von Tieffliegern bestri-
240 268 2342 311 chen waren. Tagsüber versuchten wir irgendwo
243 333 1667 370 auf Bänken usw. zu schlafen.
347 443 2359 486 Eines Nachts fuhren wir auf der Autobahn
286 505 2442 558 Richtung Minden. Wir waren aber noch nörd-
298 563 2441 610 lich Hof. Es war eine abenteuerliche Fahrt. Zu bei-
295 622 2431 675 den Seiten der Autobahn brennende Städte und
308 680 2484 733 Bombenangriffe. Auf der Autobahn selbst bren-
308 745 2348 788 nende Wracks und Hindernisse aller Art.
281 800 2383 846 Eine Unmenge von Landsern belagerten die
272 868 2390 911 Strasse Fahrzeuge und wollten mit genom-
271 923 2488 973 men werden. Die Wagen fuhren meist abgeblendet,
282 982 2433 1025 und bei dem allgemeinen Durcheinander hatten
266 1043 2390 1086 wir dann auch einen schweren Unfall. Wir
289 1105 2418 1148 hatten einen schwerverletzten unter uns, den wir
265 1161 2339 1211 noch möglichst weit nach Süden bringen
275 1220 2341 1262 wollten. Schliesslich mussten wir ihn aber
255 1278 2319 1323 in einer Klinik bei Hof absetzen. Während
243 1337 2381 1386 wir diese Klinik noch suchten, kam bereits Ala
234 1403 2385 1457 "Feindannäherung." aber es ging noch gut ab.
402 1510 2469 1554 Schliesslig kamen wir bei strömendem Regen
246 1573 2395 1620 in den Alpen an. Wir stellten zunächst fest, dass
249 1629 2412 1681 sämtliche Dienstellen in voller Auflösung
243 1683 2363 1737 waren. An irgend eine geregelte Unterkunft
236 1751 2444 1798 war nicht zu denken. Murnau und Oberam-
218 1809 2433 1864 mergau waren zum Platzen überfüllt. Flüchtlinge
239 1866 2440 1915 aus Ost, West, und Nord stiessen hier aufein-
220 1929 2428 1976 ander. Hier stellten wir dann auch fest, dass die
217 1987 2473 2061 Oberbayern ein Menschenschlag für sich sind. Wäh-
223 2036 2285 2088 end wir bis her auf unserer Fahrt überall
219 2097 2474 2146 Anteilnahme und Hilfe gefunden hatten, sties-
213 2160 2432 2210 en wir hier auf schroffe Ablehnung. Irgend-
212 2219 2431 2259 ein Verständnis für unsere Lage war nicht zu
213 2287 621 2327 erwarten.
380 2394 2393 2432 Ziemlich planlos irrten wir dann noch ein
243 2455 2362 2495 paar Tage als Zigeuner in Oberbayern umher.
252 2514 2320 2558 Die herrliche Landschaft passte wenig zu unserer
251 2572 2411 2624 Stimmung. Man wollte uns in Massenguar-
244 2638 2332 2675 tiere nach Schengen abschieben. Dann wären
229 2696 2337 2734 wir wahrscheinlich zusammen mit den V-2-
256 2750 2324 2792 Leuten sofort nach USA gekommen. Diesem
250 2802 2434 2858 Schicksal gingen wir instinktiv aus dem Wege,
247 2869 2383 2919 indem wir mit dem Lastwagen so weit in
243 2930 2220 2972 die Alpen hereinfuhren, bis wir das letzte
244 2989 2363 3038 Dorf Hinterstein, erwischt hatten. Dort ver-
258 3045 2429 3089 schafften wir uns dann ziemlich mit Gewalt
241 3103 2397 3145 Quartier. Auch das Gerät konnten wir in ei-
241 3164 1457 3201 nem Schuppen verstecken.
368 3269 2284 3321 Dieses Alpendörfchen Hinterstein erlebte ja in
250 3337 2303 3382 diesen letzten Kriegstagen tolle Dinge. Während man
2450 3511 2477 3542 6
