2597 3619
1270 129 1308 159 4
187 195 2449 241 fertigg als die Verhältnisse unerträglich wurden und
203 258 2183 293 die Russen bei Frankfurt an der Oder standen.
285 365 2359 400 In diesem letzten halben Kriegsjahr ging ja nun
199 425 2312 466 schon alles drunter und drüber. Die Arbeit wurde
205 488 2480 527 durch alle nur denkbaren Umstände in Frage gestellt.
202 549 2343 587 Von oben bekam man Bomben auf den Kopf. Zum
203 608 2428 649 Bauen fehlte es an Material und die Wehrmacht-
218 660 2329 707 stellen führten einen zähen und rücksichtslosen
241 726 2477 767 Kampf, um aus der Industrie die letzten arbeits-
227 786 2437 841 fähigen Leute herauszuholen. Man musste damals
221 841 2503 937 für jeden leistungsfähigen Ingenieur einen zweiten Mann
218 905 2449 955 einstellen, der laufend die verschiedenen Behör-
226 964 2373 1002 den , und Dienststellen aufsuchte, um diesen
235 1020 2349 1064 Ingenieur ruhig arbeiten zu lassen. Die Theorie
248 1077 2355 1125 und Praxis der U-K.Stellung war eine Wissenschaft
216 1139 2334 1177 für sich, gegen die mir damals das eigentliche
238 1202 2437 1248 Erfinden harmlos erschien. Nur dem Zufall, dass
198 1258 2394 1300 es mir gelang gegen Ende des Krieges ein Genie
215 1313 2443 1369 auf diesem Gebiet einzustellen, ist es zu verda-
216 1376 2444 1428 ken, dass ich meine Arbeiten bis zum Ende fort-
218 1434 2385 1476 setzen konnte, und mein Laden nicht in die
242 1493 1708 1537 Hände der Russen gefallen ist.
325 1610 2451 1658 Diesem Dr. F. gelang es nun auch in letzter Minute,
215 1666 2426 1719 als bereits für die dringendsten Kriegstransporte keine
194 1729 2434 1777 Waggons mehr zur Verfügung gestellt wurden, einen
212 1787 2422 1834 Waggon zu organisieren, der das Gerät mit dem
215 1848 2363 1888 wichtigsten Zubehör nach Göttingen brachte. 14 Tage
222 1905 2413 1947 lang fe befand sich der Waggon auf den ständig bombar-
224 1967 2447 2015 dierten Eisenbahnlinien zwischen Berlin und Göttingen.
225 2018 2290 2062 Kaum hatten wir in Göttingen entladen auch als auch
233 2084 2407 2122 schon eine Stunde später der Güterbahnhof mit einem
231 2143 1246 2181 Bombenteppich belegt wurde.
312 2258 2386 2302 In Göttingen konnte ich noch ein paar ruhige Woch
239 2317 2427 2359 verleben und das Gerät in der AVA in seinen wesentlichen
224 2375 2361 2413 Teilen fertigstellem. Mein Organisator schlug sein Haupt-
245 2436 2443 2484 quartier in Katlenburg, einen Nachbarort, unmittel-
236 2492 2413 2536 bar neben dem Planungsamt des Reichsforschungsrates
242 2549 2361 2601 ein. Dies war damals die höchste Instanz auf dem Gebiete
235 2613 2363 2654 er wissenschaftlichen Forschung. So gelang es dann nicht
246 2672 2322 2710 nur, meine Gruppe zusammen zu halten, sondern ihr
235 2729 2422 2769 auch, noch Roland Grohmann einzuverleiben, der da-
233 2785 2393 2825 mals gerade von abenteuerlicher Fahrt  von Griechenland
236 2852 422 2884 kam.
346 2965 2403 3009 Inzwischen rückte der Endsieg nun immer nächer.
246 3025 2405 3067 Als die Amerikaner in Kassel standen, war mein Ge-
233 3080 2436 3134 rät vorführfähig. 3 Tage vor dem Einmarsch ab der
266 3138 2310 3181 Amerikaner habe ich das Gerät dann noch den
263 3201 2321 3239 dortigen Kapazitäten vorgeführt. Es war dies der
256 3262 2292 3298 Moment auf den ich 10 Jahre gewartet hatte, wer
263 3310 2446 3358 meine Bemühungen endlich den gewünschten Erfolg
260 3383 895 3425 hatt versprachen.
2465 3496 2493 3526 4
