2614 3628
1127 200 2308 234 Hopferau den 1. Juni 1947.
390 490 1027 526 Liebe Motiver!
450 661 2468 697 Mit Freude habe ich den zündenden Anruf Häus-
255 715 2422 767 chens des Voglers in mich aufgenommen und gehe nun
266 784 2505 821 mit vor Erinnerungen geschwollener Brust and die Arbeit.
388 897 2380 935 So will ich denn, Oh Ihr Neugierigen, dort beginnen
240 955 2483 998 wo der Sturm des Lebens unser trauliche Gemein-
258 1010 2367 1055 schaft aus den mütterlichen Fittichen des Abitures
269 1072 2370 1118 hinaus in die Ferne trieb, auf dass ein jeglicher
243 1130 1886 1176 seines eigenen Glückes Schmied werde.
377 1248 2432 1286 Vielleicht gelte ich in den Augen so mancher meiner
259 1308 2415 1346 ehemaligen wackeren Konsemester noch heute als der
245 1368 2409 1417 komische Vegetarier, Alkoholiker und Nichtraucher. Dem-
229 1424 2366 1472 zuwider möchte ich zunächst allen zu Kund und Wissen
233 1487 2387 1530 folgendes konstatieren: Ich esse heute an Fleisch, was ich
243 1543 2427 1586 bekommen kann. Alkohol darf mir jeder so viel an-
245 1604 2436 1643 bieten wie er will, falls ich ihn einmal besuchen sollte.
251 1662 2480 1708 Meine Zigaretten, sofern ich welche "erstehe" verwandle ich durch
232 1721 2487 1770 magische Operatoren in andere mir mehr nützende Dinge.
270 1779 2453 1827 Im Jahre 33 erkannte ich, dass man durch Alkohol man-
253 1842 2409 1876 chen Ärger herunterspülen könne. Üblen Gerüchten je-
245 1898 2385 1937 och, welche behaupten, ich sei aus einem tugendsamen
222 1961 2429 2006 jungen Mann zu einem üblen Säufer geworden,
253 2022 2450 2060 möge man keinen Glauben schenken. Dem ist nicht
231 2093 413 2130 also.
374 2188 2435 2227 In diesem Zusammenhang möchte ich an einen kleinen
249 2251 2481 2305 Scherz erinnern, den ich mir einmal als Schnellzeich-
251 2314 2296 2359 ner auf einem Stiftungsfest oder Hochschulball
266 2372 791 2407 erlaubt habe
235 3315 754 3360 1.) Der Student von
324 3375 559 3416 Gestern
989 3301 1427 3345 2) Der Student
1098 3371 1469 3403 von Heute
2475 3494 2500 3524 1
2396 143 2477 173 11
